<record><leader>00000cas a2200000 a 4500</leader><controlfield tag="001">11856155</controlfield><controlfield tag="008">850327d18991929ksucr ne      0   a0eng d</controlfield><datafield ind1=" " ind2=" " tag="010"><subfield code="a">sn 84030204 </subfield></datafield><datafield ind1=" " ind2=" " tag="040"><subfield code="a">KSH</subfield><subfield code="b">eng</subfield><subfield code="c">KSH</subfield><subfield code="d">NPT</subfield><subfield code="d">OCL</subfield><subfield code="d">OCLCQ</subfield></datafield><datafield ind1=" " ind2=" " tag="042"><subfield code="a">msc</subfield></datafield><datafield ind1="0" ind2="4" tag="245"><subfield code="a">The Eureka herald and Greenwood County republican.</subfield></datafield><datafield ind1=" " ind2=" " tag="260"><subfield code="a">Eureka, Kan. :</subfield><subfield code="b">Z. Harlan,</subfield><subfield code="c">1899-1929.</subfield></datafield><datafield ind1=" " ind2=" " tag="300"><subfield code="a">29 v. :</subfield><subfield code="b">ill. ;</subfield><subfield code="c">55-66 cm.</subfield></datafield><datafield ind1=" " ind2=" " tag="310"><subfield code="a">Semiweekly,</subfield><subfield code="b">May 24, 1926-Apr. 22, 1929</subfield></datafield><datafield ind1=" " ind2=" " tag="321"><subfield code="a">Weekly,</subfield><subfield code="b">Dec. 1, 1899-Oct. 13, 1903</subfield></datafield><datafield ind1=" " ind2=" " tag="321"><subfield code="a">Semiweekly,</subfield><subfield code="b">Oct. 20, 1903-Sept. 30, 1904</subfield></datafield><datafield ind1=" " ind2=" " tag="321"><subfield code="a">Weekly,</subfield><subfield code="b">Oct. 1904-May 20, 1926</subfield></datafield><datafield ind1="0" ind2=" " tag="362"><subfield code="a">Vol. 32, no. 25 (Dec. 1, 1899)-v. 58, no. 47 (May 20, 1926) ; v. 1, no. 7 (May 24, 1926)-v. 1, no. 71 (Jan. 3, 1927) ; v. 59, no. 28 (Jan. 6, 1927)-v. 61, no. 85 (Apr. 22, 1929).</subfield></datafield><datafield ind1=" " ind2=" " tag="500"><subfield code="a">Publisher varies.</subfield></datafield><datafield ind1=" " ind2=" " tag="752"><subfield code="a">United States</subfield><subfield code="b">Kansas</subfield><subfield code="c">Greenwood</subfield><subfield code="d">Eureka.</subfield></datafield><datafield ind1="0" ind2="0" tag="780"><subfield code="t">Eureka herald (Eureka, Kan. : 1868)</subfield><subfield code="w">(DLC)sn 84027609</subfield></datafield><datafield ind1="0" ind2="0" tag="785"><subfield code="t">Eureka herald (Eureka, Kan. : 1929)</subfield><subfield code="w">(DLC)sn 84030203</subfield></datafield></record>